@article{ricker1954,
  title = {Stock and Recruitment},
  volume = {11},
  number = {5},
  journal = {Journal of the Fisheries Research Board of Canada},
  author = {Ricker, W E},
  year = {1954},
  pages = {559-623}
}
