@article{kronlund2017,
   author      = {A. R. Kronlund and R. E. Forrest and J. S. Cleary and M. H. Grinnell},
   title       = {The selection and role of limit reference points for Pacific Herring (Clupea pallasii) in British Columbia, Canada},
   fulljournal = {Canadian Science Advisory Secretariat Research Document},
   journal     = {Can. Sci. Advis. Sec. Res. Doc.},
   year        = {2018},
   volume      = {2018/009},
   pages       = {ix + 125p}
}
